%%%%%%%%%%%%%%%%%%%%%%%%%%%%%%%%%%%%%%%%%%%%%%%%%%%%%%
% My publications.
%%%%%%%%%%%%%%%%%%%%%%%%%%%%%%%%%%%%%%%%%%%%%%%%%%%%%%
@article{Gerasimov2023a,
	keywords = {scopus, wos},
	author = {Gerasimov, D and Popov, A and Hien, N.D. and Nikiforov, V},
	journal = {IFAC-PapersOnLine},
	issue = {2},
	number = {2},
	pages = {9185--9190}, 
	title = {{Adaptive control of LTV systems with uncertain periodic coefficients}},
	url = {https://doi.org/10.1016/j.ifacol.2023.10.160},
	volume = {56},
	year = {2023}
}
@INPROCEEDINGS{10383221,
	keywords = {scopus},
	author={Gerasimov, Dmitry N. and Ngo, Dang H. and Nikiforov, Vladimir O. },
	booktitle={2024 63nd IEEE Conference on Decision and Control (CDC)}, 
	title={Direct Adaptive Control of LTV Discrete-time Systems with Uncertain Periodic Coefficients}, 
	year={2024},
	volume={},
	number={},
	pages={x-y},
	publisher = {IEEE},
	url = {https://ieeexplore.ieee.org/document/},
}
@inproceedings{Ngo2004a,
	author = {Нго, Д.Х. and  Герасимов, Д.Н.},
	booktitle = {XIV Всероссийское совещание по проблемам управления (ВСПУ-2024)},
	number = {x},
	pages = {x--y},
	title = {{Адаптивное управление дискретными системами с неопределёнными периодическими коэффициентами}},
	url = {https://doi.org/},
	volume = {xx},
	year = {2024}
}
@inproceedings{Nguyen2022,
	author = {Nguyen, Trong Tai and Ngo, Dang Hien and Nguyen, Quoc Truong and Tran, Duc Thien and Dang, Xuan Ba},
	booktitle = {2022 6th International Conference on Green Technology and Sustainable Development (GTSD)},
	doi = {10.1109/GTSD54989.2022.9989084},
	isbn = {978-1-6654-6628-8},
	keywords = {EKF,Indoor localization,Indoor positioning,Localization,Sensor Fusion,Ultra-Wideband},
	month = {jul},
	pages = {884--890},
	publisher = {IEEE},
	title = {{Indoor Mobile Robot Positioning using Sensor Fusion}},
	url = {https://ieeexplore.ieee.org/document/9989084/},
	year = {2022}
}