%%%%%%%%%%%%%%%%%%%%%%%%%%%%%%%%%%%%%%%%%%%%%%%%%%%%%%
% All other sources
%%%%%%%%%%%%%%%%%%%%%%%%%%%%%%%%%%%%%%%%%%%%%%%%%%%%%%
@book{KKK,
	title={Nonlinear and adaptive control design},
	author={Krsti{\'c}, M. and Kanellakopoulos, I. and Kokotovi{\'c}, P.},
	year={1995},
	publisher={Wiley New York}
}

@article{Gerasimov2023a,
	author = {Gerasimov, D and Popov, A and Hien, N.D. and Nikiforov, V},
	doi = {10.1016/j.ifacol.2023.10.160},
	issn = {24058963},
	issue = {2},
	journal = {IFAC-PapersOnLine},
	keywords = {Adaptive control,adaptive backstepping,robustness,systems with periodic coefficients},
	number = {2},
	pages = {9185--9190},
	publisher = {Elsevier Ltd},
	title = {{Adaptive control of LTV systems with uncertain periodic coefficients}},
	url = {https://doi.org/10.1016/j.ifacol.2023.10.160},
	volume = {56},
	year = {2023}
}
@BOOK{NikGerbook2022,
	author = {Nikiforov, V.O. and Gerasimov, D.N.},
	year = 2022,
	title = {Adaptive Regulation: Reference Tracking and Disturbance Rejection. Lecture Notes in Control and Information Sciences},
	publisher = {Springer Nature},
	doi = {10.1007/978-3-030-96091-9}
}
@ARTICLE{GerPashNik20,
	author = {Gerasimov, D.N. and Pashenko, A.V. and Nikiforov, V.O.},
	year = 2020,
	title = {Improved adaptive compensation of unmatched multisinusoidal disturbances in uncertain nonlinear plants},
	journal = {Proc. American Control Conf. ACC},
	pages = {626--632}}
@ARTICLE{NikGerPashTAC,
	author = {Nikiforov, V.O. and  Gerasimov, D.N. and  Pashenko, A.V.},
	year = 2022,
	volume=67,
	number=5,
	title = {Modular adaptive backstepping design with a high-order tuner},
	journal = {\TAC},
	pages = {2663â€“2668},
	doi={ 10.1109/TAC.2021.3091442}}
@article{Gerasimov2023b,
	author = {D. Gerasimov and O. Suzdalev and A. Pashenko and V. Nikiforov and D. Podoshkin},
	doi = {10.1016/J.IFACOL.2023.10.481},
	issn = {2405-8963},
	issue = {2},
	journal = {IFAC-PapersOnLine},
	month = {1},
	pages = {6865-6870},
	publisher = {Elsevier},
	title = {Transients Improvement in the Output-Feedback Adaptive Backstepping Control of Nonlinear Systems with Input Constraints},
	volume = {56},
	url = {https://linkinghub.elsevier.com/retrieve/pii/S2405896323008480},
	year = {2023},
}